@mastersthesis{Davidsson2016,
author={Davidsson, Alexander and Rasmusson, Torbjörn},
title={A VHDL Architecture for Auto Encrypting SD Cards},
abstract={This thesis details the design of an encrypted SD-card adapter for journalists to be used in destabilized areas. The SD-card adapter should be designed to protect the journalist's photographs while allowing previewing of the photograph until the SD-card is powered down. The SD-card adapter is designed to appear as a generic SD-card adapter with the exception that it encrypts the data and hides any changes in the le system. The design is based around a FPGA with use of a publicly available IP-core for encryption. The SD-card adapter uses both symmetrical and asymmetrical encryption for protection of individual les. A soft-core is used for generating encryption keys, asymmetrical encryption and general management. Through use of software based emulation, the concept was proven feasible.},
publisher={Institutionen för data- och informationsteknik (Chalmers), Chalmers tekniska högskola},
place={Göteborg},
year={2016},
keywords={FPGA, VHDL, Encryption, ChaCha},
note={36},
}
@misc{OxforddictPlausibleDen,
title = {plausible deniability - Oxford Dictionaries},
howpublished = {\url{https://en.oxforddictionaries.com/definition/plausible_deniability}},
note = {Online; Accessed: 30.03.2017},
}
@unpublished{fp2016,
author  = {Freedom of the Press Foundation},
title   = {Camera Encryption Letter},
note = {Open Letter to Camera Manufacturers},
month = {December},
year = {2016}
}
@misc{steinberg1999method,
title={Method and apparatus for in-camera encryption},
author={Steinberg, E. and Yeremenko, V.},
url={https://www.google.com/patents/US5862217},
year={1999},
month=jan # "~19",
publisher={United States Patent},
note={US Patent 5,862,217}
}
@inproceedings{williams2013,
title={It will never happen to us: the likelihood and impact of privacy breaches on health data in Australia.},
author={Williams, Patricia and Hossack, Emma},
booktitle={Health Informatics: Digital Health Service Delivery - The Future is Now},
pages={155--161},
year={2013}
}
@misc{Amnesty2016,
author = {Amnesty International},
publisher = {Amnesty International},
title = {Egyptian photojournalist at risk of death penalty},
howpublished = {\url{https://www.amnesty.org/en/get-involved/take-action/journalism-is-not-a-crime-free-shawkan/}},
note = {Online; Accessed: 06.04.2017},
year = 2016
}
@misc{ELGA2012,
author = {\"Osterreichischer Nationalrat},
publisher = {Bundesgesetzblatt Nr. 111/2012},
title = {Gesundheitstelematikgesetz 2012},
year = {2012},
note = {Version 06.04.2017}
}
@misc{DSG2000,
author = {\"Osterreichischer Nationalrat},
publisher = {Bundesgesetzblatt Nr. 165/1999},
title = {Datenschutgesetz 2000},
year = {1999},
note = {Version 06.04.2017}
}
@misc{EHG2015,
author = {Deutsche Bundestag},
publisher = {Bundesgesetzblatt Nr. 54/2015},
title = {Gesetz f\"ur sichere digitale Kommunikation und Anwendungen im Gesundheitswesen sowie zur \"Anderung weiterer Gesetze},
year = {2015},
note = {Version 06.04.2017}
}
@misc{EuropeanCourtofHumanRights2010,
author = {European  Court of Human Rights},
pages = 30,
publisher = {Council of Europe},
title = {European Convention on Human Rights},
url = {http://www.echr.coe.int/Documents/Convention_ENG.pdf},
year = 2010
}
@misc{EuropeanParliament2016,
author = {European Parliament and European Council},
publisher = {Official Journal of the European Union},
title = {General Data Protection Regulation},
url = {http://ec.europa.eu/justice/data-protection/reform/files/regulation_oj_en.pdf},
year = 2016
}
@article{skillen2013implementing,
title={On implementing deniable storage encryption for mobile devices},
author={Skillen, Adam and Mannan, Mohammad},
year = 2013
}
@misc{OxforddictEncrypt,
title = {encrypt - Oxford Dictionaries},
howpublished = {\url{https://en.oxforddictionaries.com/definition/encrypt}},
note = {Online; Accessed: 07.05.2017},
}
@book{daemen2013design,
  title={The design of Rijndael: AES-the advanced encryption standard},
  author={Daemen, Joan and Rijmen, Vincent},
  year={2013},
  publisher={Springer Science \& Business Media}
}
@inproceedings{bernstein2008chacha,
  title={ChaCha, a variant of Salsa20},
  author={Bernstein, Daniel J},
  booktitle={Workshop Record of SASC},
  volume={8},
  year={2008}
}
@incollection{bernstein2008salsa20,
  title={The Salsa20 family of stream ciphers},
  author={Bernstein, Daniel J},
  booktitle={New stream cipher designs},
  pages={84--97},
  year={2008},
  publisher={Springer}
}
@book{menezes1996handbook,
  title={Handbook of applied cryptography},
  author={Menezes, Alfred J and Van Oorschot, Paul C and Vanstone, Scott A},
  year={1996},
  publisher={CRC press}
}
<<<<<<< HEAD
@inproceedings{aumasson2008new,
  title={New features of Latin dances: analysis of Salsa, ChaCha, and Rumba},
  author={Aumasson, Jean-Philippe and Fischer, Simon and Khazaei, Shahram and Meier, Willi and Rechberger, Christian},
  booktitle={International Workshop on Fast Software Encryption},
  pages={470--488},
  year={2008},
  organization={Springer}
}
@article{crowley2006truncated,
  title={Truncated differential cryptanalysis of five rounds of Salsa20},
  author={Crowley, Paul},
  journal={The State of the Art of Stream Ciphers SASC},
  volume={2006},
  pages={198--202},
  year={2006}
}
@inproceedings{fischer2006non,
  title={Non-randomness in eSTREAM Candidates Salsa20 and TSC-4},
  author={Fischer, Simon and Meier, Willi and Berbain, C{\^o}me and Biasse, Jean-Fran{\c{c}}ois and Robshaw, Matthew JB},
  booktitle={International Conference on Cryptology in India},
  pages={2--16},
  year={2006},
  organization={Springer}
}
@inproceedings{tsunoo2007differential,
  title={Differential cryptanalysis of Salsa20/8},
  author={Tsunoo, Yukiyasu and Saito, Teruo and Kubo, Hiroyasu and Suzaki, Tomoyasu and Nakashima, Hiroki},
  booktitle={Workshop Record of SASC},
  year={2007}
}
@misc{coleMetadata,
title = {David Cole - "We Kill People Based on Metadata"},
howpublished = {\url{http://www.nybooks.com/daily/2014/05/10/we-kill-people-based-metadata/}},
note = {Online; Accessed: 11.05.2017},
}
@article{peters2015defy,
  title={DEFY: A deniable, encrypted file system for log-structured storage},
  author={Peters, Timothy M and Gondree, Mark A and Peterson, Zachary NJ},
  year={2015}
}
@inproceedings{canetti1997deniable,
  title={Deniable encryption},
  author={Canetti, Rein and Dwork, Cynthia and Naor, Moni and Ostrovsky, Rafail},
  booktitle={Annual International Cryptology Conference},
  pages={90--104},
  year={1997},
  organization={Springer}
}
@article{trachtenbergsay,
  title={Say it ain’t so-an implementation of deniable encryption},
  author={Trachtenberg, Ari}
}
@Article{pmid25565678,
   Author="Landman, A.  and Emani, S.  and Carlile, N.  and Rosenthal, D. I.  and Semakov, S.  and Pallin, D. J.  and Poon, E. G. ",
   Title="{{A} mobile app for securely capturing and transferring clinical images to the electronic health record: description and preliminary usability study}",
   Journal="JMIR Mhealth Uhealth",
   Year="2015",
   Volume="3",
   Number="1",
   Pages="e1",
   Month="Jan"
}
@article{alomari2014implementation,
  title={Implementation of a Parallel XTS Encryption Mode of Operation},
  author={Alomari, Mohammad Ahmed and Samsudin, Khairulmizam and Ramli, Abdul Rahman},
  journal={Indian Journal of Science and Technology},
  volume={7},
  number={11},
  pages={1813--1819},
  year={2014}
}
@inproceedings{mcgrew2004security,
  title={The security and performance of the Galois/Counter Mode (GCM) of operation},
  author={McGrew, David A and Viega, John},
  booktitle={International Conference on Cryptology in India},
  pages={343--355},
  year={2004},
  organization={Springer}
}
